@article{alorf_survey_2023,
  author  = {Doe, John and Zhang, Wei},
  title   = {An Example Survey on Optimization Methods},
  journal = {Journal of Example Studies},
  year    = {2023},
  volume  = {12},
  number  = {3},
  pages   = {123--145},
  doi     = {10.0000/example.doi.2023.00123},
  url     = {https://example.org/articles/example-survey-2023}
}

@book{lamport_latex_1994,
  author    = {Lamport, Leslie},
  title     = {LaTeX: A Document Preparation System},
  publisher = {Addison-Wesley},
  year      = {1994},
  edition   = {2nd}
}

@inproceedings{miller_conf_2020,
  author    = {Miller, Alice and Chen, Li},
  title     = {A Sample Conference Paper on Data Analysis},
  booktitle = {Proceedings of the Example Conference},
  year      = {2020},
  pages     = {10--18},
  doi       = {10.0000/example.conf.2020.10}
}

@phdthesis{wang_thesis_2022,
  author = {Wang, Hao},
  title  = {Research on Sample Models and Applications},
  school = {Example University},
  year   = {2022}
}

@misc{w3c_url_2024,
  author = {{W3C}},
  title  = {Sample Web Resource Specification},
  year   = {2024},
  url    = {https://www.example.com/spec},
  note   = {Accessed: 2025-01-01}
}

